% Bibliography for comp814.tex
% This file contains all references in BibTeX format
% Each entry has a unique key that can be cited in the LaTeX document using \cite{key}

@inproceedings{schler2006effects,
  title={Effects of age and gender on blogging.},
  author={Schler, Jonathan and Koppel, Moshe and Argamon, Shlomo and Pennebaker, James W},
  booktitle={AAAI spring symposium: Computational approaches to analyzing weblogs},
  volume={6},
  pages={199--205},
  year={2006}
}


@inproceedings{nahrstedt2024empirical,
  title={An Empirical Study on the Energy Usage and Performance of Pandas and Polars Data Analysis Python Libraries},
  author={Nahrstedt, Felix and Karmouche, Mehdi and Bargie{\l}, Karolina and Banijamali, Pouyeh and Nalini Pradeep Kumar, Apoorva and Malavolta, Ivano},
  booktitle={Proceedings of the 28th International Conference on Evaluation and Assessment in Software Engineering},
  pages={58--68},
  year={2024}
}

@article{alves2021evolution,
  title={The evolution of the internet and social media: A literature review},
  author={Alves de Castro, Charles and Carthy, Aiden and others},
  year={2021},
  publisher={Technological University Dublin}
}

@article{zabotnova2018internet,
  title={Internet Slang as Key means of Interaction in Cyberspace},
  author={Zabotnova, Myroslava and Bohdanova, OV},
  journal={Development of Philological Sciences in Countries of the European Union taking into Account the Challenges of XXI Century},
  pages={146--64},
  year={2018}
}

@article{detelich2019large,
  title={Large-Scale Date Normalization in ArchivesSpace with Python, MySQL, and Timetwister},
  author={Detelich, Alicia},
  journal={Code4Lib Journal},
  number={44},
  year={2019}
}

@inproceedings{gargova2022evaluation,
  title={Evaluation of Off-the-Shelf Language Identification Tools on Bulgarian Social Media Posts},
  author={Gargova, Silvia and Temnikova, Irina and Dzhumerov, Ivo and Nikolaeva, Hristiana},
  booktitle={Proceedings of the 5th International Conference on Computational Linguistics in Bulgaria (CLIB 2022)},
  pages={152--161},
  year={2022}
}

@article{hacohen2020influence,
  title={The influence of preprocessing on text classification using a bag-of-words representation},
  author={HaCohen-Kerner, Yaakov and Miller, Daniel and Yigal, Yair},
  journal={PloS one},
  volume={15},
  number={5},
  pages={e0232525},
  year={2020},
  publisher={Public Library of Science San Francisco, CA USA}
}

@inproceedings{bird2006nltk,
  title={NLTK: the natural language toolkit},
  author={Bird, Steven},
  booktitle={Proceedings of the COLING/ACL 2006 interactive presentation sessions},
  pages={69--72},
  year={2006}
}

@inproceedings{sanchez2019sentence,
  title={Sentence boundary detection in legal text},
  author={Sanchez, George},
  booktitle={Proceedings of the natural legal language processing workshop 2019},
  pages={31--38},
  year={2019}
}

@inproceedings{yogish2019review,
  title={Review on natural language processing trends and techniques using NLTK},
  author={Yogish, Deepa and Manjunath, TN and Hegadi, Ravindra S},
  booktitle={Recent Trends in Image Processing and Pattern Recognition: Second International Conference, RTIP2R 2018, Solapur, India, December 21--22, 2018, Revised Selected Papers, Part III 2},
  pages={589--606},
  year={2019},
  organization={Springer}
}

@article{khyani2021interpretation,
  title={An interpretation of lemmatization and stemming in natural language processing},
  author={Khyani, Divya and Siddhartha, BS and Niveditha, NM and Divya, BM},
  journal={Journal of University of Shanghai for Science and Technology},
  volume={22},
  number={10},
  pages={350--357},
  year={2021}
}